% This file was created with JabRef 2.10b2.
% Encoding: UTF-8


@Article{particle,
  Title                    = {Review of Particle Physics},
  Author                   = {Beringer, J. and Arguin, J. F. and Barnett, R. M. and Copic, K. and Dahl, O. and Groom, D. E. and Lin, C. J. and Lys, J. and Murayama, H. and Wohl, C. G. and Yao, W. M. and Zyla, P. a. and Amsler, C. and Antonelli, M. and Asner, D. M. and Baer, H. and Band, H. R. and Basaglia, T. and Bauer, C. W. and Beatty, J. J. and Belousov, V. I. and Bergren, E. and Bernardi, G. and Bertl, W. and Bethke, S. and Bichsel, H. and Biebel, O. and Blucher, E. and Blusk, S. and Brooijmans, G. and Buchmueller, O. and Cahn, R. N. and Carena, M. and Ceccucci, a. and Chakraborty, D. and Chen, M. C. and Chivukula, R. S. and Cowan, G. and D'Ambrosio, G. and Damour, T. and de Florian, D. and de Gouv\^{e}a, a. and DeGrand, T. and de Jong, P. and Dissertori, G. and Dobrescu, B. and Doser, M. and Drees, M. and Edwards, D. a. and Eidelman, S. and Erler, J. and Ezhela, V. V. and Fetscher, W. and Fields, B. D. and Foster, B. and Gaisser, T. K. and Garren, L. and Gerber, H. J. and Gerbier, G. and Gherghetta, T. and Golwala, S. and Goodman, M. and Grab, C. and Gritsan, a. V. and Grivaz, J. F. and Gr\"{u}newald, M. and Gurtu, a. and Gutsche, T. and Haber, H. E. and Hagiwara, K. and Hagmann, C. and Hanhart, C. and Hashimoto, S. and Hayes, K. G. and Heffner, M. and Heltsley, B. and Hern\'{a}ndez-Rey, J. J. and Hikasa, K. and H\"{o}cker, a. and Holder, J. and Holtkamp, a. and Huston, J. and Jackson, J. D. and Johnson, K. F. and Junk, T. and Karlen, D. and Kirkby, D. and Klein, S. R. and Klempt, E. and Kowalewski, R. V. and Krauss, F. and Kreps, M. and Krusche, B. and Kuyanov, Yu. V. and Kwon, Y. and Lahav, O. and Laiho, J. and Langacker, P. and Liddle, a. and Ligeti, Z. and Liss, T. M. and Littenberg, L. and Lugovsky, K. S. and Lugovsky, S. B. and Mannel, T. and Manohar, a. V. and Marciano, W. J. and Martin, a. D. and Masoni, a. and Matthews, J. and Milstead, D. and Miquel, R. and M\"{o}nig, K. and Moortgat, F. and Nakamura, K. and Narain, M. and Nason, P. and Navas, S. and Neubert, M. and Nevski, P. and Nir, Y. and Olive, K. a. and Pape, L. and Parsons, J. and Patrignani, C. and Peacock, J. a. and Petcov, S. T. and Piepke, a. and Pomarol, a. and Punzi, G. and Quadt, a. and Raby, S. and Raffelt, G. and Ratcliff, B. N. and Richardson, P. and Roesler, S. and Rolli, S. and Romaniouk, a. and Rosenberg, L. J. and Rosner, J. L. and Sachrajda, C. T. and Sakai, Y. and Salam, G. P. and Sarkar, S. and Sauli, F. and Schneider, O. and Scholberg, K. and Scott, D. and Seligman, W. G. and Shaevitz, M. H. and Sharpe, S. R. and Silari, M. and Sj\"{o}strand, T. and Skands, P. and Smith, J. G. and Smoot, G. F. and Spanier, S. and Spieler, H. and Stahl, a. and Stanev, T. and Stone, S. L. and Sumiyoshi, T. and Syphers, M. J. and Takahashi, F. and Tanabashi, M. and Terning, J. and Titov, M. and Tkachenko, N. P. and T\"{o}rnqvist, N. a. and Tovey, D. and Valencia, G. and van Bibber, K. and Venanzoni, G. and Vincter, M. G. and Vogel, P. and Vogt, a. and Walkowiak, W. and Walter, C. W. and Ward, D. R. and Watari, T. and Weiglein, G. and Weinberg, E. J. and Wiencke, L. R. and Wolfenstein, L. and Womersley, J. and Woody, C. L. and Workman, R. L. and Yamamoto, a. and Zeller, G. P. and Zenin, O. V. and Zhang, J. and Zhu, R. Y. and Harper, G. and Lugovsky, V. S. and Schaffner, P.},
  Journal                  = {Physical Review D},
  Year                     = {2012},
  Number                   = {1},
  Volume                   = {86},

  Doi                      = {10.1103/PhysRevD.86.010001},
  ISSN                     = {1550-7998},
  Url                      = {http://link.aps.org/doi/10.1103/PhysRevD.86.010001}
}

@Book{feynman,
  Title                    = {The Feynman Lectures on Physics},
  Author                   = {Richard Feynman and Robert Leighton and Matthew Sands},
  Publisher                = {Addison-Wesley},
  Year                     = {1963},

  Address                  = {Boston},
  Edition                  = {2nd Edition},

  ISBN                     = {9780201021165},
  Url                      = {http://www.feynmanlectures.caltech.edu/}
}

@TechReport{HS,
  Title                    = {Determining Optical Flow},
  Author                   = {Horn, Berthold K.P. and Schunck, Brian G.},
  Year                     = {1980},

  Address                  = {Cambridge, MA, USA},

  Owner                    = {espenjv},
  Publisher                = {Massachusetts Institute of Technology},
  Source                   = {http://www.ncstrl.org:8900/ncstrl/servlet/search?formname=detail\&id=oai%3Ancstrlh%3Amitai%3AMIT-AILab%2F%2FAIM-572},
  Timestamp                = {2016.04.28}
}

@Article{statistics,
  Title                    = {Revised standards for statistical evidence},
  Author                   = {Johnson, Valen E.},
  Journal                  = {Proceedings of the National Academy of Sciences of the United States of America},
  Year                     = {2013},
  Number                   = {48},
  Volume                   = {110},

  Doi                      = {10.1073/pnas.1313476110},
  ISBN                     = {1313476110},
  ISSN                     = {1091-6490},
  Keywords                 = {Bayes Theorem,Models,Reproducibility of Results,Statistical,Statistics as Topic,Statistics as Topic: standards},
  Pmid                     = {24218581},
  Url                      = {http://www.pubmedcentral.nih.gov/articlerender.fcgi?artid=3845140\&tool=pmcentrez\&rendertype=abstract}
}

@Book{haskell,
  Title                    = {Learn You a Haskell for Great Good!},
  Author                   = {Lipovaca, Miran},
  Publisher                = {No Starch Press},
  Year                     = {2011},

  Address                  = {San Francisco, CA, USA},
  Edition                  = {1},

  ISBN                     = {9781593272838}
}

@Article{hipster,
  Title                    = {The hipster effect: When anticonformists all look the same},
  Author                   = {Touboul, Jonathan},
  Year                     = {2014},

  Archiveprefix            = {arXiv},
  Arxivid                  = {1410.8001},
  Eprint                   = {1410.8001},
  Url                      = {http://arxiv.org/abs/1410.8001}
}

@Article{Black199675,
title = "The Robust Estimation of Multiple Motions: Parametric and Piecewise-Smooth Flow Fields ",
journal = "Computer Vision and Image Understanding ",
volume = "63",
number = "1",
pages = "75 - 104",
year = "1996",
note = "",
issn = "1077-3142",
doi = "http://dx.doi.org/10.1006/cviu.1996.0006",
url = "http://www.sciencedirect.com/science/article/pii/S1077314296900065",
author = "Michael J. Black and P. Anandan"
}

@Article{zimmer2011optic,
  Title                    = {Optic flow in harmony},
  Author                   = {Zimmer, Henning and Bruhn, Andr{\'e}s and Weickert, Joachim},
  Journal                  = {International Journal of Computer Vision},
  Year                     = {2011},
  Number                   = {3},
  Pages                    = {368--388},
  Volume                   = {93},

  Publisher                = {Springer US}
}

